%% This BibTeX bibliography file was created using BibDesk.
%% http://bibdesk.sourceforge.net/

%% Created for Lauro Cesar Araujo at 2013-08-21 10:57:09 -0300 
%% Saved with string encoding Unicode (UTF-8) 

@online{smartphone-os-market-share,
	Author = {IDC},
	Title = {Smartphone OS Market Share, 2015 Q2},
	Url = {http://www.idc.com/prodserv/smartphone-os-market-share.jsp},
	Urlaccessdate = {15 set. 2015},
	Year = {2015},
	editor = {IDC},
	Bdsk-Url-1 = {http://www.idc.com/prodserv/smartphone-os-market-share.jsp}}
	
@online{mobile-privacy-concerns,
	Author = {TRUSTe},
	Title = {Smart Privacy for Smartphones: Understanding and delivering the protection
consumers want},
	Url = {https://info.truste.com/TY-v2.html?asset=N3MVX7ZB-159&aliId=20109652},
	Urlaccessdate = {16 set. 2015},
	Year = {2011},
	editor = {IDC},
	Bdsk-Url-1 = {https://info.truste.com/TY-v2.html?asset=N3MVX7ZB-159&aliId=20109652}}
	
@online{mais-smartphones-computadores,
	Author = {Gustavo Brigato},
	Title = {Número de smartphones passa o de computadores e tablets no Brasil},
	Url = {http://www.valor.com.br/empresas/4010440/numero-de-smartphones-passa-o-de-computadores-e-tablets-no-brasil},
	Urlaccessdate = {13 set. 2015},
	year = {2015},
	editor = {Valor Econômico},
	Bdsk-Url-1 = {http://www.valor.com.br/empresas/4010440/numero-de-smartphones-passa-o-de-computadores-e-tablets-no-brasil}}
	
@book{android-deitel,
	Address = {Porto Alegre},
	Author = {Paul Deitel and others},
	Date-Added = {2013-08-21 13:56:10 +0000},
	Date-Modified = {2013-08-21 13:56:10 +0000},
	Edition = {1},
	Publisher = {Bookman},
	Title = {Android para Programadores: Uma abordagem baseada em aplicativos},
	Year = {2013}}
	
@book{iOS-casaCodigo,
	Address = {São Paulo, São Paulo},
	Author = {Rafael Steil},
	Date-Added = {2013-08-21 13:56:10 +0000},
	Date-Modified = {2013-08-21 13:56:10 +0000},
	Edition = {1},
	Publisher = {Casa do Código},
	Title = {iOS: Programe para iPhone e iPad},
	Year = {2014}}
	
@book{iOS-dummies,
	Address = {Hoboken, New Jersey},
	Author = {Rajiv Ramnath and Cheyney Loffing},
	Date-Added = {2013-08-21 13:56:10 +0000},
	Date-Modified = {2013-08-21 13:56:10 +0000},
	Edition = {1},
	Publisher = {John Wiley \& Sons, Inc.},
	Title = {Beginning iOS Programming for Dummies},
	Year = {2014}}
	
@book{android-for-work,
	Address = {New York},
	Author = {Marziah Karch},
	Date-Added = {2010-08-31 13:56:10 +0000},
	Date-Modified = {2010-08-31 13:56:10 +0000},
	Edition = {1},
	Publisher = {Apress},
	Title = {Android for Work: Productivity for Professionals},
	Year = {2010}}
	
@book{android-glauber,
	Address = {São Paulo},
	Author = {Nelson Glauber},
	Edition = {1},
	Publisher = {Novatec},
	Title = {Dominando o Android: Do básico ao avançado},
	Year = {2015}}
	
@book{android-forensics,
	Address = {Massachusetts},
	Author = {Andrew Hoog},
	Edition = {1},
	Publisher = {Syngress},
	Title = {Android Forensics: Investigation, Analysis and Mobile Security for Google Android},
	Year = {2011}}
	
@online{android-developer,
	Author = {Android},
	Title = {Android Developer},
	Url = {http://developer.android.com},
	Urlaccessdate = {10 out. 2015},
	Year = {2015},
	editor = {IDC},
	Bdsk-Url-1 = {http://developer.android.com/}}
	
@online{telegram-FAQ,
	Author = {Telegram},
	Title = {Telegram FAQ},
	Url = {https://telegram.org/faq},
	Urlaccessdate = {12 out. 2015},
	Year = {2015},
	editor = {IDC},
	Bdsk-Url-1 = {https://telegram.org/faq}}
	
@online{telegram-cracking,
	Author = {Telegram},
	Title = {\$300,000 for Cracking Telegram Encryption},
	Url = {https://telegram.org/blog/cryptocontest},
	Urlaccessdate = {10 nov. 2015},
	Year = {2014},
	editor = {IDC},
	Bdsk-Url-1 = {https://telegram.org/blog/cryptocontest}}
	
@online{whatsapp-FAQ,
	Author = {WhatsApp},
	Title = {WhatsApp FAQ},
	Url = {https://www.whatsapp.com/faq},
	Urlaccessdate = {15 out. 2015},
	Year = {2015},
	editor = {IDC},
	Bdsk-Url-1 = {https://www.whatsapp.com/faq}}
	
@article{mobius-article,
	Author = {Byung-Gon Chun and Carlo Curino and Russell Sears and Alexander
Shraer and Samuel Madden and Raghu Ramakrishnan},
	Journal = {Proceedings of the 10th International Conference on Mobile Systems, Applications, and Services - MobiSys '12},
	Pages = {141-154},
	Title = {Mobius: unified messaging and data serving for mobile apps},
	Volume = {1},
	Year = {2012}}
	
@online{numero-apps-pplware,
	Author = {Pedro Sim{\~o}es},
	Title = {Google Play Store terminou 2014 com 1,43 milhões de aplicações},
	Url = {http://pplware.sapo.pt/informacao/google-play-store-terminou-2014-com-1-43-milhoes-de-aplicacoes/},
	Urlaccessdate = {15 out. 2015},
	Year = {2015},
	editor = {Olhar Digital},
	Bdsk-Url-1 = {http://pplware.sapo.pt/informacao/google-play-store-terminou-2014-com-1-43-milhoes-de-aplicacoes/}}
	
@book{apple-swift-book,
	Address = {Cupertino},
	Author = {Apple},
	Edition = {2},
	Publisher = {Apple},
	Title = {The Swift Programming Language},
	Year = {2014}}
	
@online{blog-apple-swift,
	Author = {Apple},
	Title = {Apple - Developer Blog},
	Url = {https://developer.apple.com/swift/blog/?id=29},
	Urlaccessdate = {20 out. 2015},
	Year = {2015},
	editor = {IDC},
	Bdsk-Url-1 = {https://developer.apple.com/swift/blog/?id=29}}
	
@online{ios-developer-library,
	Author = {Apple},
	Title = {iOS Developer Library},
	Url = {https://developer.apple.com/library/ios/navigation/},
	Urlaccessdate = {20 out. 2015},
	Year = {2015},
	editor = {IDC},
	Bdsk-Url-1 = {https://developer.apple.com/library/ios/navigation/}}
	
@online{hands-on-apple-watch,
	Author = {Nilay Patel},
	Title = {Hands-on with a (working) Apple Watch},
	Url = {http://www.theverge.com/2015/3/9/8173805/apple-watch-hands-on},
	Urlaccessdate = {20 out. 2015},
	Year = {2015},
	editor = {IDC},
	Bdsk-Url-1 = {http://www.theverge.com/2015/3/9/8173805/apple-watch-hands-on}}
	
@online{siri-apple,
	Author = {Apple},
	Title = {Siri. Seu desejo é uma ordem},
	Url = {http://www.apple.com/br/ios/siri/},
	Urlaccessdate = {20 out. 2015},
	Year = {2015},
	editor = {IDC},
	Bdsk-Url-1 = {http://www.apple.com/br/ios/siri/}}
	
@online{touchid-apple,
	Author = {Apple},
	Title = {Usar o Touch ID no iPhone e no iPad},
	Url = {https://support.apple.com/pt-br/HT201371},
	Urlaccessdate = {20 out. 2015},
	Year = {2015},
	editor = {IDC},
	Bdsk-Url-1 = {https://support.apple.com/pt-br/HT201371}}
	
@article{two-factor-article,
	Author = {Christian Rathgeb and Andreas Uhl},
	Journal = {Image Analysis and Recognition},
	Pages = {296-305},
	Title = {Two-Factor Authentication or How to Potentially Counterfeit Experimental Results in Biometric Systems},
	Volume = {6112},
	Year = {2010}}
	
@article{two-factor-elsevier-article,
	Author = {Andrew Teoh Beng Jin and David Ngo Chek Ling and Alwyn Goh},
	Journal = {Pattern Recognition},
	Pages = {2245-2255},
	Title = {Biohashing: two factor authentication featuring fingerprint data and tokenised random number},
	Volume = {37},
	Year = {2004}}
	
@online{mtproto-core,
	Author = {Telegram},
	Title = {MTProto Mobile Protocol},
	Url = {https://core.telegram.org/mtproto},
	Urlaccessdate = {10 nov. 2015},
	Year = {2015},
	editor = {IDC},
	Bdsk-Url-1 = {https://core.telegram.org/mtproto}}
	
@article{framework-data-structures,
	Author = {Josh Tenenberg},
	Journal = {SIGCSE '03 Proceedings of the 34th SIGCSE technical symposium on Computer science education},
	Pages = {210-214},
	Title = {A Framework Approach to Teaching Data Structures},
	Volume = {35},
	Year = {2003}}
	
%Exemplos
@book{ibge1993,
	Address = {Rio de Janeiro},
	Author = {IBGE},
	Date-Added = {2013-08-21 13:56:10 +0000},
	Date-Modified = {2013-08-21 13:56:10 +0000},
	Edition = {3},
	Organization = {http://biblioteca.ibge.gov.br/visualizacao/livros/liv23907.pdf},
	Publisher = {Centro de Documenta{\c c}{\~a}o e Dissemina{\c c}{\~a}o de Informa{\c c}{\~o}es. Funda{\c c}{\~a}o Intituto Brasileiro de Geografia e Estat{\'\i}stica},
	Title = {Normas de apresenta{\c c}{\~a}o tabular},
	Urlaccessdate = {21 ago 2013},
	Year = {1993}}

@manual{abntex2modelo,
	Annote = {Este documento {\'e} derivado do \cite{abnt-bibtex-doc}},
	Author = {abnTeX2},
	Date-Added = {2013-01-12 22:55:32 +0000},
	Date-Modified = {2013-02-04 12:05:54 +0000},
	Organization = {Equipe abnTeX2},
	Title = {Modelo Can{\^o}nico de Trabalho Acad{\^e}mico com abnTeX2},
	Url = {http://abntex2.googlecode.com/},
	Year = {2013},
	Bdsk-Url-1 = {http://code.google.com/p/abntex2/}}

@manual{NBR10520:2002,
	Address = {Rio de Janeiro},
	Date-Added = {2012-12-15 21:43:38 +0000},
	Date-Modified = {2013-01-12 22:17:20 +0000},
	Month = {ago.},
	Org-Short = {ABNT},
	Organization = {Associa{\c c}\~ao Brasileira de Normas T\'ecnicas},
	Pages = 7,
	Subtitle = {Informa{\c c}\~ao e documenta{\c c}\~ao --- Apresenta{\c c}\~ao de cita{\c c}\~oes em documentos},
	Title = {{NBR} 10520},
	Year = 2002}

@article{van86,
	Author = {{van}, Gigch, John P. and Leo L. Pipino},
	Journal = {Future Computing Systems},
	Number = {1},
	Pages = {71-97},
	Title = {In search for a paradigm for the discipline of information systems},
	Volume = {1},
	Year = {1986}}

@phdthesis{guizzardi2005,
	Address = {Enschede, The Netherlands},
	Author = {Giancarlo Guizzardi},
	Date-Added = {2012-04-23 11:35:28 +0000},
	Date-Modified = {2012-04-23 11:35:28 +0000},
	School = {Centre for Telematics and Information Technology, University of Twente},
	Title = {Ontological Foundations for Structural Conceptual Models},
	Url = {http://www.loa.istc.cnr.it/Guizzardi/SELMAS-CR.pdf},
	Urlaccessdate = {3 jul. 2011},
	Year = {2005},
	Bdsk-Url-1 = {http://www.loa.istc.cnr.it/Guizzardi/SELMAS-CR.pdf}}

@mastersthesis{macedo2005,
	Author = {Fl{\'a}via L. Macedo},
	Date-Added = {2012-04-23 11:35:13 +0000},
	Date-Modified = {2012-04-23 11:35:13 +0000},
	Keywords = {arquitetura da informa{\c c}{\~a}o},
	School = {Universidade de Bras{\'\i}lia},
	Title = {Arquitetura da Informa{\c c}{\~a}o: aspectos espistemol{\'o}gicos, cient{\'\i}ficos e pr{\'a}ticos.},
	Type = {Disserta{\c c}{\~a}o de Mestrado},
	Year = {2005}}

@inproceedings{masolo2010,
	Author = {Claudio Masolo},
	Booktitle = {Proceedings of the Twelfth International Conference on the Principles of Knowledge Representation and Reasoning (KR 2010)},
	Date-Added = {2012-04-23 11:34:38 +0000},
	Date-Modified = {2012-04-23 11:34:38 +0000},
	Editor = {Lin, F. and Sattler, U.},
	Pages = {258-268},
	Publisher = {AAAI Press},
	Title = {Understanding Ontological Levels},
	Url = {http://wiki.loa-cnr.it/Papers/kr10v0.7.pdf},
	Urlaccessdate = {2 jan. 2012},
	Year = {2010},
	Bdsk-Url-1 = {http://wiki.loa-cnr.it/Papers/kr10v0.7.pdf}}

@inbook{guarino1995,
	Address = {Vienna},
	Author = {Nicola Guarino},
	Booktitle = {Philosophy and the Cognitive Science},
	Date-Added = {2012-04-23 11:34:29 +0000},
	Date-Modified = {2012-04-23 11:34:29 +0000},
	Editor = {R. Casati and B. Smith and G. White},
	Month = {Sept.},
	Pages = {443-456},
	Publisher = {Holder-Pivhler-Tempsky},
	Title = {The Ontological Level},
	Url = {http://wiki.loa-cnr.it/Papers/OntLev.pdf},
	Urlaccessdate = {2 jan. 2012},
	Year = {1995},
	Bdsk-Url-1 = {http://wiki.loa-cnr.it/Papers/OntLev.pdf}}

@incollection{bates2010,
	Address = {New York},
	Author = {Marcia J. Bates},
	Booktitle = {Encyclopedia of Library and Information Sciences},
	Date-Added = {2012-04-23 11:34:29 +0000},
	Date-Modified = {2012-04-23 11:34:29 +0000},
	Edition = {3rd},
	Editor = {Marcia J. Bates and Mary Niles Maack},
	Pages = {2347-2360},
	Publisher = {CRC Press},
	Title = {Information},
	Url = {http://pages.gseis.ucla.edu/faculty/bates/articles/information.html},
	Urlaccessdate = {24 out. 2011},
	Volume = {3},
	Year = {2010},
	Bdsk-Url-1 = {http://pages.gseis.ucla.edu/faculty/bates/articles/information.html}}
